%\bibliographystyle{unsrt}
%\bibliography{refs}

%Books:
@book{ellis_stirling_webber_1996, 
    place={Cambridge}, 
    series={Cambridge Monographs on Particle Physics, Nuclear Physics and Cosmology},
    title={QCD and Collider Physics}, 
    DOI={10.1017/CBO9780511628788}, 
    publisher={Cambridge University Press}, 
    author={Ellis, R. K. and Stirling, W. J. and Webber, B. R.}, 
    year={1996}, 
    collection={Cambridge Monographs on Particle Physics, Nuclear Physics and Cosmology}
}

@book{mandl2010quantum,
  title={Quantum Field Theory},
  author={Mandl, F. and Shaw, G.},
  isbn={9780471496830},
  lccn={2010000255},
  series={A Wiley-Interscience publication},
  url={https://books.google.no/books?id=Ef4zDW1V2LkC},
  year={2010},
  publisher={Wiley}
}

@book{schwartz2014quantum,
  title={Quantum Field Theory and the Standard Model},
  author={Schwartz, M.D.},
  isbn={9781107034730},
  lccn={2013016195},
  url={https://books.google.no/books?id=HbdEAgAAQBAJ},
  year={2014},
  publisher={Cambridge University Press}
}

@book{Peskin:1995ev,
  added-at = {2010-06-06T21:01:27.000+0200},
  author = {Peskin, Michael Edward and Schroeder, Daniel V.},
  biburl = {https://www.bibsonomy.org/bibtex/26a68f04983505fac8d80bd21e00a1d6f/wc},
  description = {SPIRES-HEP: FIND KEY 3485960},
  interhash = {e839db5bd06e66a35503aa936e299a0d},
  intrahash = {6a68f04983505fac8d80bd21e00a1d6f},
  keywords = {diplom field peskin qft quantum schroeder theory},
  note = {Reading, USA: Addison-Wesley (1995) 842 p},
  publisher = {Westview Press},
  timestamp = {2010-11-17T12:34:45.000+0100},
  title = {An Introduction to Quantum Field Theory},
  year = 1995
}

@book{Dokshitzer:1991wu,
    author = "Dokshitzer, Yuri L. and Khoze, Valery A. and Mueller, Alfred H. and Troian, S. I.",
    title = "{Basics of perturbative QCD}",
    year = "1991",
    publisher = "Editions Frontieres"
}

@book{florkowski2010phenomenology,
  title={Phenomenology Of Ultra-relativistic Heavy-ion Collisions},
  author={Florkowski, W.},
  isbn={9789813107595},
  url={https://books.google.no/books?id=GhY8DQAAQBAJ},
  year={2010},
  publisher={World Scientific Publishing Company}
}

%PAPERS:
@article{AltarelliParisi_original,
    title = {Asymptotic freedom in parton language},
    journal = {Nuclear Physics B},
    volume = {126},
    number = {2},
    pages = {298-318},
    year = {1977},
    issn = {0550-3213},
    doi = {https://doi.org/10.1016/0550-3213(77)90384-4},
    url = {https://www.sciencedirect.com/science/article/pii/0550321377903844},
    author = {G. Altarelli and G. Parisi},
    abstract = {A novel derivation of the Q2 dependence of quark and gluon densities (of given helicity) as predicted by quantum chromodynamics is presented. The main body of predictions of the theory for deep-inleastic scattering on either unpolarized or polarized targets is re-obtained by a method which only makes use of the simplest tree diagrams and is entirely phrased in parton language with no reference to the conventional operator formalism.}
}

@article{Dasgupta_2015,
   title={Small-radius jets to all orders in QCD},
   volume={2015},
   ISSN={1029-8479},
   url={http://dx.doi.org/10.1007/JHEP04(2015)039},
   DOI={10.1007/jhep04(2015)039},
   number={4},
   journal={Journal of High Energy Physics},
   publisher={Springer Science and Business Media LLC},
   author={Dasgupta, Mrinal and Dreyer, Frédéric and Salam, Gavin P. and Soyez, Gregory},
   year={2015},
   month={Apr}
}

@article{Neill_2021,
   title={Leading jets and energy loss},
   volume={2021},
   ISSN={1029-8479},
   url={http://dx.doi.org/10.1007/JHEP07(2021)041},
   DOI={10.1007/jhep07(2021)041},
   number={7},
   journal={Journal of High Energy Physics},
   publisher={Springer Science and Business Media LLC},
   author={Neill, Duff and Ringer, Felix and Sato, Nobuo},
   year={2021},
   month={Jul}
}

@article{Energy_flow_medium_cascade_2016,
   title={Energy flow along the medium-induced parton cascade},
   volume={368},
   ISSN={0003-4916},
   url={http://dx.doi.org/10.1016/j.aop.2016.01.002},
   DOI={10.1016/j.aop.2016.01.002},
   journal={Annals of Physics},
   publisher={Elsevier BV},
   author={Blaizot, J.-P. and Mehtar-Tani, Y.},
   year={2016},
   month={May},
   pages={148–176}
}

@article{Universal_quark_gluon_ratio_in_medium-induced_parton_cascade,
   title={Universal quark to gluon ratio in medium-induced parton cascade},
   volume={2018},
   ISSN={1029-8479},
   url={http://dx.doi.org/10.1007/JHEP09(2018)144},
   DOI={10.1007/jhep09(2018)144},
   number={9},
   journal={Journal of High Energy Physics},
   publisher={Springer Science and Business Media {LLC}},
   author={Mehtar-Tani, Yacine and Schlichting, Soeren},
   year={2018},
   month={Sep}
}

@article{Probabilistic_picture,
	doi = {10.1007/jhep06(2014)075},
	url = {https://doi.org/10.1007\%2Fjhep06\%282014\%29075},
	year = {2014},
	month = {jun},
	publisher = {Springer Science and Business Media {LLC}},
	volume = {2014},
	number = {6},
	author = {Jean-Paul Blaizot and Fabio Dominguez and Edmond Iancu and Yacine Mehtar-Tani},
	title = {Probabilistic picture for medium-induced jet evolution},
	journal = {Journal of High Energy Physics}
}

@article{JET_PHYSICS_HEAVYIONCOLLISIONS,
	doi = {10.1142/s0217751x13400137},
	url = {https://doi.org/10.1142\%2Fs0217751x13400137},
	year = {2013},
	month = {apr},
	publisher = {World Scientific Pub Co Pte Lt},
	volume = {28},
	number = {11},
	pages = {1340013},
	author = {YACINE MEHTAR-TANI and JOS{\'{E}} GUILHERME MILHANO and KONRAD TYWONIUK},
	title = {{JET} {PHYSICS} {IN} {HEAVY}-{ION} {COLLISIONS}},
	journal = {International Journal of Modern Physics A}
}

@article{Jet_Structure_HeavyIonCollisions,
	doi = {10.1142/s021830131530012x},
	url = {https://doi.org/10.1142\%2Fs021830131530012x},
	year = 2015,
	month = {nov},
	publisher = {World Scientific Pub Co Pte Lt},
	volume = {24},
	number = {11},
	pages = {1530012},
	author = {J.-P. Blaizot and Y. Mehtar-Tani},
	title = {Jet structure in heavy ion collisions},
	journal = {International Journal of Modern Physics E}
}


@article{Dasgupta_2016_inclusive,
	doi = {10.1007/jhep06(2016)057},
	url = {https://doi.org/10.1007\%2Fjhep06\%282016\%29057},
	year = 2016,
	month = {jun},
	publisher = {Springer Science and Business Media {LLC}},
	volume = {2016},
	number = {6},
	author = {Mrinal Dasgupta and Fr{\'{e}}d{\'{e}}ric A. Dreyer and Gavin P. Salam and Gregory Soyez},
	title = {Inclusive jet spectrum for small-radius jets},
	journal = {Journal of High Energy Physics}
}

@article{Wang_2001_Multiple_Parton_Scattering,
	doi = {10.1016/s0375-9474(01)01130-7},
	url = {https://doi.org/10.1016%2Fs0375-9474%2801%2901130-7},
	year = 2001,
	month = {dec},
	publisher = {Elsevier {BV}},
	volume = {696},
	number = {3-4},
	pages = {788--832},
	author = {Xin-Nian Wang and Xiaofeng Guo},
	title = {Multiple parton scattering in nuclei: parton energy loss},
	journal = {Nuclear Physics A}
}

@article{medium_induced_gluon_branching,
	doi = {10.1007/jhep01(2013)143},
	url = {https://doi.org/10.1007%2Fjhep01%282013%29143},
	year = 2013,
	month = {jan},
	publisher = {Springer Science and Business Media {LLC}},
	volume = {2013},
	number = {1},
	author = {Jean-Paul Blaizot and Fabio Dominguez and Edmond Iancu and Yacine Mehtar-Tani},
	title = {Medium-induced gluon branching},
	journal = {Journal of High Energy Physics}
}

@misc{system_of_evolutionequations,
  doi = {10.48550/ARXIV.2109.05918},
  url = {https://arxiv.org/abs/2109.05918},
  author = {Blanco, E. and Kutak, K. and Placzek, W. and Rohrmoser, M. and Tywoniuk, K.},
  keywords = {High Energy Physics - Phenomenology (hep-ph), FOS: Physical sciences, FOS: Physical sciences},
  title = {System of evolution equations for quark and gluon jet quenching with broadening},
  publisher = {arXiv},
  year = {2021},
  copyright = {arXiv.org perpetual, non-exclusive license}
}


%miscellaneous:
@article{MCMC_andrieu2003,
    author = {Andrieu, Christophe and Freitas, Nando and Doucet, Arnaud and Jordan, Michael},
    year = {2003},
    month = {01},
    pages = {5-43},
    title = {An Introduction to MCMC for Machine Learning},
    volume = {50},
    journal = {Machine Learning},
    doi = {10.1023/A:1020281327116}
}

@misc{GitHub_thesis,
    author = {Skjelanger, Kristoffer},
    title = {GitHub repository for master thesis},
    year = {2022},
    month = {},
    howpublished = {\url{https://github.com/skjelanger/thesis}},
    url = {https://github.com/skjelanger/thesis},
    note = {}
}

@article{CERN_courier_History_of_QCD,
    author  = {Harald Fritzsch},
    year    = {2012},
    month   = {Oct},
    title   = {The history of QCD},
    journal = {CERN Courier},
    volume  = {52},
    number  = {8},
    pages   = {21-24},
    url     = {https://cds.cern.ch/record/1734855/files/vol52-issue8-p021-e.pdf},
    urldate = {2022-04-20}
}

@misc{Caucal:2020zcz,
  doi = {10.48550/ARXIV.2010.02874},
  url = {https://arxiv.org/abs/2010.02874},
  author = {Caucal, Paul},
  keywords = {High Energy Physics - Phenomenology (hep-ph), Nuclear Theory (nucl-th), FOS: Physical sciences, FOS: Physical sciences},
  title = {Jet evolution in a dense QCD medium},
  publisher = {arXiv},
  year = {2020},
  copyright = {arXiv.org perpetual, non-exclusive license},
}


%Figures
@article{QCD_figures/Scharenberg,
    author = {Scharenberg, Rolf and Srivastava, Brijesh and Hirsch, Andrew and Pajares, C.},
    year = {2018},
    month = {09},
    pages = {96},
    title = {Hot Dense Matter: Deconfinement and Clustering of Color Sources in Nuclear Collisions},
    volume = {4},
    journal = {Universe},
    doi = {10.3390/universe4090096}
}

@unpublished{QCD_phasediagram_MaireAntonin,
      author        = "Maire, Antonin",
      title         = "{Phase diagram of QCD matter : Quark-Gluon Plasma}",
      month         = "Jun",
      year          = "2015",
      url           = "https://cds.cern.ch/record/2025215",
      note          = "General Photo",
}